2618 3761
1027 257 1436 307 —154—

107 376 378 437 viderentur,
413 389 650 444 fragmenta
694 388 734 428 in
778 388 916 427 lucem
960 386 1084 427 edere
1130 393 1169 427 et
1217 387 1438 428 illustrare.
1501 388 1611 434 Sed.
1656 387 1798 426 nescio
1840 386 1927 440 quia
1972 387 2029 428 de
2054 386 2207 435 causa,
2254 387 2347 443 jam

105 464 244 505 statim
272 468 501 518 postquam
528 461 691 502 initium
718 460 879 500 factum
907 464 966 500 est
995 461 1230 515 argumenti
1257 461 1384 514 ipsius
1414 460 1553 515 operis
1583 459 1805 507 tradendi,
1838 458 2001 499 libellus
2025 459 2206 515 abrupte
2236 460 2345 502 desi-

103 537 188 585 nit,
220 550 299 578 nec
330 538 558 577 Auctorem
584 546 670 572 rem
700 535 872 575 ulterius
898 534 1096 590 persequi
1123 535 1165 575 in
1195 535 1336 574 animo
1379 532 1536 573 habere
1574 533 1778 586 comperi.
1836 531 2052 572 Praemisit
2094 540 2236 574 autem
2281 535 2347 589 ip-

106 624 193 651 sam
226 610 340 649 illam
384 605 536 660 Sojutii
570 606 723 656 vitam,
758 623 780 649 e
811 609 970 651 Codice
1011 607 1244 663 Upsaliensi
1285 612 1554 661 excerptam,
1603 619 1715 662 quae
1764 605 1806 645 in
1847 605 1997 646 nostris
2038 607 2350 661 prolegomenis

106 701 148 740 p.
179 685 206 724 4
231 697 328 737 sqq.
357 680 469 721 edita
502 686 648 722 exstat.
710 682 763 722 At
794 683 1029 737 inspicienti
1066 681 1187 722 istam
1207 681 1570 736 Tornbergianam
1601 679 1757 736 Sojfitii
1784 678 1894 718 vitae
1921 679 2174 730 editionem,
2209 685 2350 724 statim

105 758 261 812 cuique
291 753 539 810 apparebit,
575 768 666 795 eam
699 769 720 796 e
753 763 870 797 textu
900 756 1218 811 corruptissimo
1251 756 1420 799 fluxisse
1462 771 1513 799 ac
1558 761 1718 799 scatere
1747 753 1909 794 mendis
1953 755 2277 811 typographicis
2310 763 2350 799 et

107 831 259 871 calami
289 828 529 875 erroribus,
564 828 621 868 ita
652 836 696 869 ut.
728 831 862 871 versio
894 831 1042 872 Latina
1065 863 1073 878 ,
1115 829 1168 870 ab
1200 829 1387 870 Auctore
1419 830 1615 885 adjecta,
1645 829 1884 869 necessario
1913 829 2038 870 etiam
2070 831 2207 873 minus
2234 831 2349 872 bona

107 904 297 946 evaserit.
360 903 509 957 Neque
551 904 676 943 ctiam
721 905 940 958 catalogus
983 906 1240 960 scriptorum
1279 904 1436 962 Sojfitii
1478 906 1521 947 in
1560 905 1646 946 fine
1690 905 1801 944 vitae
1845 903 2015 944 additus
2061 909 2146 952 est,
2192 903 2265 943 sed
2296 904 2350 942 de

113 976 368 1033 quibusdam
396 990 567 1025 eorum,
603 991 713 1032 quae
742 978 918 1019 Auctori
945 980 1177 1034 praecipua
1202 979 1469 1027 viderentur,
1504 984 1671 1021 tantum
1699 979 1857 1020 mentio
1887 978 2047 1034 injecta
2065 984 2140 1020 est.
2202 979 2350 1030 Quan-

111 1062 200 1093 tum
231 1053 357 1107 igitur
388 1051 603 1100 dolerem,
636 1053 692 1100 si,
727 1053 769 1093 in
798 1052 1044 1110 Tornbergii
1077 1052 1262 1096 editione
1295 1052 1490 1095 omnibus
1516 1052 1594 1092 rite
1620 1051 1817 1092 institutis
1857 1055 2026 1109 suisque
2055 1053 2241 1096 numeris
2270 1052 2348 1092 ab·

115 1126 284 1174 solutis,
318 1138 397 1180 ego
431 1125 570 1166 tritam
621 1126 730 1166 viam
762 1126 904 1167 denuo
935 1125 1191 1178 calcassem,
1224 1133 1387 1169 tantum
1416 1141 1530 1170 nunc
1564 1126 1759 1183 gaudem
1794 1129 1915 1181 quod
1953 1126 2055 1167 mihi
2095 1126 2345 1179 contigerit,

111 1207 270 1239 textum
300 1199 430 1253 magis
461 1199 669 1253 integrum
711 1207 752 1240 et
784 1200 1054 1254 perspicuum
1085 1199 1252 1250 edenti,
1293 1214 1342 1242 ea
1374 1199 1529 1242 evitare
1560 1196 1806 1250 obstacula,
1857 1200 2011 1256 quibus
2050 1202 2187 1247 virum
2231 1200 2350 1241 illum

111 1271 399 1316 doctissimum
430 1271 582 1327 pedem
613 1270 835 1314 offendisse
865 1273 923 1316 nil
949 1272 1092 1315 miror.
