2648 3761
1066 596 1685 710 ffirolegomena.

318 1364 475 1407 Studiis
524 1362 782 1418 Theologiae
824 1362 1080 1411 destinatus,
1125 1362 1380 1418 simulatque
1419 1364 1463 1405 in
1505 1379 1727 1407 numerum
1769 1366 1923 1408 civium
1955 1368 2210 1411 Academiae
2252 1373 2488 1426 Leidensis,

262 1440 565 1481 illustrissimae
592 1437 888 1478 doctrinarum
927 1436 1059 1485 sedis,
1091 1436 1330 1491 adscriptus
1360 1451 1515 1488 essem,
1560 1441 1840 1495 praecipuam
1870 1455 2045 1497 operam
2082 1445 2126 1485 in
2166 1445 2215 1486 ea
2246 1446 2493 1504 disciplinae

262 1515 544 1568 Theologicae
568 1518 691 1568 parte
718 1513 869 1567 posui,
903 1525 1017 1567 quae
1046 1511 1187 1551 literas
1215 1510 1429 1553 Hebraeas
1460 1527 1556 1555 cum
1587 1515 1779 1569 cognatis
1817 1514 2009 1559 dialectis
2042 1521 2325 1575 amplectitur.
2385 1525 2492 1566 Hinc

259 1589 371 1630 enim
406 1589 593 1630 virorum
634 1587 973 1642 gravissimorum
1003 1586 1178 1627 consilia
1201 1585 1350 1640 juveni
1375 1588 1478 1629 mihi
1505 1589 1703 1644 imperito
1739 1590 2071 1648 doctiorumque
2105 1596 2261 1638 auxilio
2289 1597 2496 1654 indigenti

259 1669 506 1704 constanter
547 1669 645 1702 ante
675 1663 824 1702 oculos
850 1660 1070 1715 ponebant
1098 1660 1260 1714 insigne
1286 1669 1576 1712 momentum,
1617 1664 1661 1704 in
1689 1666 1892 1706 accurata
1925 1681 2166 1711 sermonum
2197 1670 2494 1714 Semiticorum

259 1734 505 1790 cognitione
521 1734 666 1775 futuro
692 1734 910 1789 Theologo
933 1735 1081 1785 situm;
1112 1735 1227 1775 illinc
1246 1748 1344 1775 vero
1375 1736 1501 1776 etiam
1527 1750 1668 1776 meum
1685 1737 1814 1791 ipsius
1835 1735 2048 1792 ingenium
2064 1774 2074 1791 ,
2104 1743 2342 1798 linguarum
2370 1746 2494 1787 addi-

259 1808 512 1850 scendarum
551 1808 756 1848 facilitate
785 1808 975 1863 quadam
1004 1814 1046 1848 et
1085 1809 1240 1864 magna
1273 1810 1474 1865 cupidine
1501 1811 1770 1866 praeditum,
1811 1812 1868 1853 ad
1896 1813 2007 1854 idern
2033 1829 2100 1855 me
2125 1819 2392 1872 propositum
2415 1821 2494 1861 im-

256 1883 456 1936 pellebat.
516 1883 745 1938 Quumque
787 1890 1007 1938 praeterea
1045 1884 1308 1924 celeberrimi
1347 1885 1414 1925 isti
1441 1885 1675 1934 duumviri,
1711 1901 1897 1941 quorum
1932 1888 2103 1930 scholae
2138 1891 2242 1932 mihi
2271 1894 2495 1937 adeundae

258 1963 403 2004 erant,
436 1956 621 1997 Palmius
659 1963 701 1996 et
743 1958 1028 2005 Hamakerus,
1062 1971 1139 1996 suo
1177 1963 1359 2010 uterque
1397 1958 1555 2004 modO,
1588 1959 1712 1997 istum
1742 1961 1884 2000 adhuc
1913 1963 2164 2014 languidum
2191 1966 2389 2008 ardorem
2426 1970 2491 2009 in-

256 2030 388 2069 citare
418 2035 460 2066 et
499 2030 766 2065 inflammare
792 2030 892 2066 'non
928 2029 1145 2079 dedignati
1181 2030 1262 2066 sint
1283 2059 1293 2073 ,
1324 2042 1412 2066 non
1446 2030 1599 2068 mirum
1636 2044 1704 2068 me
1731 2031 1845 2070 hisce
1874 2034 2021 2072 studiis
2064 2036 2122 2073 ita
2154 2038 2412 2089 incubuisse,
2446 2050 2492 2082 ut

256 2106 467 2156 quantum
495 2098 697 2152 temporis
733 2098 822 2139 aliis
851 2097 1083 2153 disciplinis
1128 2099 1215 2139 sine
1245 2098 1405 2140 damno
1433 2099 1598 2141 detrahi
1634 2109 1800 2156 posset,
1833 2103 1883 2144 iis
1920 2104 2250 2160 impenderetur.
2308 2111 2364 2152 At
2392 2127 2490 2156 vero

254 2189 344 2217 non
367 2188 442 2215 eae
463 2180 559 2215 sunt
584 2173 754 2226 linguae
774 2173 872 2213 illae
893 2204 902 2222 ‚
934 2179 981 2213 ut
1001 2173 1116 2214 facili
1142 2173 1314 2229 negotio
1343 2173 1645 2218 addiscantur:
1678 2176 1787 2217 adeo
1804 2177 1915 2218 enim
1929 2179 2226 2224 Semiticorum
2252 2197 2491 2230 sermonum

254 2249 470 2305 ingenium
486 2247 540 2288 ab
556 2247 896 2289 occidentalium
913 2247 1150 2302 discrepat,
1183 2255 1434 2304 tantumque
1455 2249 1595 2290 differt
1611 2250 1887 2293 Orientalium
1902 2254 2119 2309 cogitandi
2144 2257 2254 2298 ratio
2273 2272 2297 2300 a
2317 2262 2462 2303 nostra
2478 2294 2488 2311 ,

254 2330 301 2363 ut
337 2323 474 2363 multo
515 2328 593 2363 stet
625 2328 817 2377 tempore
846 2329 886 2363 et
914 2322 1086 2372 labore,
1118 2323 1231 2363 velut
1258 2337 1280 2363 e
1305 2324 1450 2364 nostra
1479 2331 1619 2365 mente
1640 2325 1684 2366 in
1705 2326 1876 2367 illorum
1905 2329 2081 2371 transire
2108 2337 2148 2371 et
2175 2332 2282 2374 sicut
2310 2334 2370 2375 illi
2396 2349 2489 2377 sen-

254 2397 361 2438 tiant
389 2397 541 2438 sentire
559 2428 569 2446 ‚
599 2403 647 2437 ut
685 2397 810 2452 plene
835 2397 1112 2453 perfecteque
1140 2412 1253 2453 quae
1289 2397 1436 2439 dicant
1458 2398 1733 2454 scribantque
1759 2401 2051 2457 intelligamus.
2111 2406 2201 2447 Hac
2238 2407 2291 2448 de
2330 2410 2483 2459 causa,

253 2485 387 2526 quum
429 2471 661 2512 dialectum
690 2471 926 2513 Hebraeam
962 2472 1108 2512 futuro
1142 2470 1359 2526 Theologo
1395 2472 1635 2526 proximam
1665 2475 1981 2532 gravissimique
2019 2482 2221 2521 momenti
2261 2481 2459 2526 ducerem
2479 2518 2488 2533 ‚

251 2558 392 2600 neque
422 2546 525 2587 alias
563 2545 810 2601 disciplinae
837 2559 956 2586 meae
981 2553 1122 2601 partes
1150 2547 1306 2601 negligi
1343 2546 1499 2587 debere
1526 2548 1802 2592 existimarem
1821 2579 1834 2599 ,Α
1863 2553 2008 2606 primis
2033 2554 2269 2597 studiorum
2297 2571 2488 2601 meorum

252 2619 373 2660 annis
404 2620 546 2661 literas
579 2620 794 2661 Hebraeas
833 2621 920 2661 fere
950 2622 1058 2661 solas
1093 2621 1232 2670 colui,
1266 2620 1385 2662 tanta
1416 2628 1558 2663 tamen
1591 2624 1763 2679 reliquis
1801 2640 1978 2682 quoque
2014 2628 2203 2670 dialectis
2232 2633 2364 2687 opera
2409 2635 2488 2675 im-

251 2694 382 2748 pensa
399 2725 408 2743 ‚
442 2701 488 2734 ut
520 2707 608 2735 non
636 2708 809 2749 prorsus
836 2695 879 2735 in
906 2696 954 2736 iis
980 2695 1132 2751 hospes
1151 2695 1387 2738 evaderem.
1431 2697 1621 2738 Tandem
1646 2699 1706 2740 Cl.
1734 2700 1984 2754 Weijersio,
2017 2703 2109 2744 viro
2138 2704 2264 2746 laude
2295 2706 2486 2763 dignissi-

249 2781 346 2816 mo,
379 2768 544 2824 egregie
563 2768 655 2824 jam
685 2769 739 2810 de
770 2769 898 2810 literis
927 2770 1211 2811 Orientalibus
1241 2771 1392 2811 merito
1421 2772 1632 2826 pluraque
1658 2773 1784 2813 etiam
1815 2788 1839 2815 a
1870 2787 1912 2815 se
1947 2778 2155 2830 speranda
2177 2781 2484 2834 portendenti,

249 2856 395 2883 earum
424 2843 467 2882 in
496 2842 578 2883 hac
610 2843 845 2884 Academia
882 2843 1176 2885 docendarum
1202 2859 1377 2885 munere
1402 2847 1634 2897 mandato,
1669 2845 1833 2889 scholas
1859 2849 1949 2904 ejus
1975 2851 2180 2893 Arabicas
2216 2860 2256 2894 et
2290 2855 2482 2910 Syriacas

252 2913 472 2969 diligenter
509 2916 782 2971 frequentare
829 2919 982 2973 coepi:
1019 2919 1116 2974 qui,
1159 2919 1246 2973 qua
1288 2926 1348 2959 est
1392 2920 1553 2962 blanda
1592 2921 1818 2972 comitate,
1866 2925 2089 2980 colloquiis
2130 2927 2405 2972 familiaribus
2439 2938 2479 2970 et

256 2988 400 3029 amicis
427 2996 672 3032 constanter
699 3005 767 3033 me
798 2992 1014 3042 incitavit,
1052 2999 1099 3033 ut
1125 2993 1169 3034 in
1195 2992 1382 3048 linguam
1417 2995 1669 3047 Arabicam,
1702 3004 1852 3052 utpote
1879 2998 2158 3043 dialectorum
2189 3003 2478 3046 Semitiearum

1771 3071 1801 3104 A
