2618 3761
812 695 1015 789 ’ΤΗ
1084 728 1144 794 Ε
1208 728 1257 787 s
1318 724 1377 784 E
1438 724 1518 783 s.

1147 1163 1187 1207 Ι.

115 1335 292 1378 Vocales
342 1331 469 1374 textui
510 1326 702 1369 Hebraeo
743 1343 767 1369 a
809 1324 1023 1370 Masoretis
1069 1323 1289 1380 adjectae,
1338 1321 1530 1377 quamvis
1569 1321 1967 1377 praestantissimam
2004 1320 2056 1361 de
2096 1318 2273 1374 antiqua

58 1424 402 1484 pronuntiatione
429 1420 699 1462 traditionem
725 1419 933 1465 referant,
955 1421 1097 1456 tamen
1120 1429 1270 1458 sonum
1300 1414 1494 1470 linguae,
1527 1419 1573 1455 ut
1601 1413 1644 1456 in
1673 1426 1745 1455 ore
1775 1413 1925 1469 populi
1955 1412 2055 1453 olim
2084 1411 2275 1460 vivebat,

62 1534 147 1561 non
176 1516 290 1559 omni
316 1527 365 1555 ex
394 1517 514 1569 parte
547 1515 745 1553 accurate
776 1507 954 1549 reddere
976 1506 1186 1549 videntur.

120 1840 307 1882 Arabum
349 1833 646 1881 Grammatici‚
691 1832 764 1873 etsi
806 1829 926 1871 multi
965 1842 1110 1870 eorum
1151 1825 1388 1869 acutissime
1418 1831 1459 1866 et
1489 1824 1664 1866 omnino
1694 1823 1964 1866 laudabiliter
1991 1825 2106 1866 illam
2150 1833 2282 1867 artem

66 1935 325 1979 tractarunt,
360 1927 477 1969 haud
504 1924 601 1967 raro
631 1931 798 1971 tamen,
832 1921 883 1963 ea
916 1920 970 1963 de
991 1919 1120 1963 causa
1150 1918 1271 1975 quod
1297 1924 1469 1975 praeter
1496 1929 1615 1960 suum
1646 1929 1880 1959 sermonem
1917 1931 1939 1958 e
1967 1917 2158 1972 cognatis
2186 1918 2281 1959 nul-

69 2027 155 2065 lum
184 2023 361 2069 scirent,
395 2032 479 2061 sese
504 2019 668 2072 ineptos
699 2013 998 2071 praebuerunt.

128 2348 224 2387 Non
249 2345 396 2401 paucis
423 2357 470 2385 ex
505 2355 651 2384 eorum
677 2351 851 2382 numero
884 2337 970 2379 hoc
1008 2346 1185 2390 quoque
1215 2332 1397 2374 obfuisse
1417 2331 1607 2380 videtur,
1637 2330 1756 2387 quod
1780 2331 1824 2372 in
1849 2330 2020 2372 Perside
2041 2332 2130 2372 nati
2158 2338 2198 2371 et
2225 2333 2285 2371 vi-

75 2446 160 2478 tam
180 2443 366 2490 agentes,
399 2447 448 2474 eo
463 2432 635 2475 Arabici
660 2429 862 2485 sermonis
883 2440 1010 2487 ‘sensu
1034 2430 1246 2475 carerent,
1274 2424 1350 2480 qui
1372 2423 1470 2479 ipsis
1487 2421 1670 2465 Arabiae
1694 2421 1900 2477 indigenis
1925 2428 2030 2462 esset
2045 2421 2256 2477 propriuS.

1129 2591 1225 2638 IV.

135 2758 439 2811 Plerorumque
464 2754 517 2795 ab
548 2752 756 2795 Arabibus
795 2750 1089 2791 confectorum
1123 2745 1374 2788 Lexicorum
1399 2744 1433 2786 is
1464 2744 1572 2786 ordo
1606 2751 1692 2794 est,
1723 2750 1769 2787 ut
1795 2745 1839 2787 in
1865 2743 2127 2785 collocandis
2156 2746 2291 2787 verbis

82 2865 168 2894 non
199 2847 357 2902 primae
383 2859 553 2893 eorum,
587 2843 660 2885 sed
699 2842 871 2882 ultimae
901 2841 1084 2886 litterae,
1113 2836 1359 2893 principalis
1383 2837 1492 2878 ratio
1526 2838 1575 2878 sit
1606 2836 1764 2878 habita.
1824 2835 1914 2876 Hoc
1947 2835 2072 2889 igitur
2104 2848 2154 2876 eo
2183 2850 2288 2879 eon-

82 2943 174 2984 silio
202 2943 398 2980 auctores
425 2935 645 2977 instituisse
674 2932 890 2979 videntur,
925 2937 970 2971 ut
994 2928 1130 2986 poetis
1152 2927 1319 2970 facilius
1340 2928 1590 2978 redderent,
1626 2940 1706 2985 ope
1737 2926 1888 2968 horum
1920 2926 2169 2969 Lexicorum
2199 2941 2289 2970 ver-

83 3034 139 3075 ba
164 3030 238 3072 sibi
268 3026 445 3070 invicem
476 3025 713 3067 resonantia
743 3022 941 3065 invenire.
