2618 3761
1080 231 1456 279 ——49—

154 370 201 405 ut
232 374 358 416 supra
393 358 523 414 (pag.
546 356 603 402 47
630 355 764 412 med.)
793 355 886 413 jam
913 355 1046 398 verbo
1073 357 1180 408 dixi,
1218 357 1347 398 etiam
1377 357 1540 400 addidi.
1603 358 1778 415 Singula
1811 354 2000 419 capitula
2024 369 2206 409 numeris
2232 377 2381 414 notare

156 435 438 480 necessarium
466 433 595 482 duxi,
630 438 676 473 ut
703 445 755 473 eo
786 432 935 472 melius
960 432 1004 473 in
1033 433 1384 475 annotationibus
1410 433 1466 474 ad
1497 435 1616 475 locos
1644 436 1835 490 superius
1871 438 2040 480 oblatos
2068 447 2108 480 et
2139 455 2162 481 a
2190 457 2256 483 me
2285 448 2382 488 illu-

155 518 310 553 stratos
338 510 543 550 lectorem
581 508 769 562 relegare
795 519 988 562 possem,
1022 513 1157 562 utque
1183 508 1441 563 compositio
1479 508 1661 558 Indicis,
1698 511 1840 551 omnia
1865 512 2053 554 virorum
2086 515 2313 558 doctorum
2344 521 2385 561 jn

154 584 238 625 hoe
276 583 486 638 opusculo
518 588 951 623 commemoratorum
984 582 1157 623 nomina
1191 581 1451 632 exhibentis,
1498 597 1629 639 quam
1665 597 1753 624 rem
1792 585 1940 627 lectori
1981 589 2259 642 gratissimam
2297 593 2389 634 sore

153 657 429 714 judicabam,
474 655 643 696 facilius
678 655 780 696 mihi
821 656 1005 697 cederet.
1079 657 1227 698 Textui
1268 656 1455 713 denique
1496 658 1667 699 vocales
1698 658 1864 715 adjeci,
1912 660 2173 719 ubicumque
2214 679 2288 707 eae
2334 667 2390 707 ad

156 739 401 789 promptam
428 744 570 772 sensus
600 729 922 784 intelligentiam
948 730 1114 784 aliquid
1144 732 1311 772 efficere
1340 739 1526 786 possent.

211 808 264 848 In
305 804 652 847 annotationibus
680 816 783 843 vero
821 799 1083 843 adornandis
1118 801 1225 845 haec
1258 807 1523 860 potissimum
1560 809 1650 864 egi,
1699 815 1745 850 ut
1790 808 1850 850 10.
1884 809 2032 851 Latine
2071 817 2278 852 verterem
2323 813 2389 852 fu-

157 885 328 937 siusque
360 891 616 933 exponerem
647 878 815 927 omnia,
850 891 963 933 quae
996 879 1324 933 quodammodo
1353 881 1603 924 obscuriora
1639 884 1947 940 intellectuque
1986 885 2227 927 difficiliora
2257 886 2392 928 videri

157 963 352 1015 possent,
386 968 425 996 v,
452 968 490 995 e.
521 953 856 1009 praefationem,
892 954 1022 994 textui
1060 954 1238 998 insertos
1274 971 1438 1007 versus,
1474 963 1515 998 et
1540 973 1673 1014 porro
1706 960 1810 1001 tales
1848 961 1988 1010 locos,
2024 975 2209 1016 quorum
2236 962 2394 1004 intelli·

157 1033 297 1089 gentia
326 1045 350 1072 a
377 1035 500 1085 parte
530 1030 701 1072 lectoris
730 1029 940 1086 majorem
967 1043 1143 1085 operam
1179 1032 1397 1087 animique
1424 1033 1703 1075 intentionem
1730 1035 1965 1090 requireret
1995 1036 2084 1087 1983
2116 1036 2179 1077 2³.
2213 1035 2266 1077 de
2296 1052 2394 1093 per-

156 1108 292 1157 sonis,
325 1119 503 1148 numero
537 1106 644 1154 131,
680 1119 793 1161 quae
827 1105 901 1146 hic
929 1105 1074 1148 dedita
1112 1106 1245 1162 opera
1283 1116 1697 1160 commemorantur,
1731 1110 1939 1160 breviter,
1975 1123 2120 1152 verum
2160 1119 2362 1154 accurate
2383 1147 2392 1164 ‚

157 1184 395 1224 indicarem
423 1182 598 1222 ubinam
626 1182 751 1236 plura
778 1181 832 1222 de
857 1182 906 1222 iis
931 1182 1107 1223 inveniri
1135 1182 1320 1237 possint,
1355 1189 1396 1224 et
1423 1198 1479 1225 an
1509 1198 1658 1226 eorum
1682 1186 2012 1228 Commentarz'z'
2042 1187 2095 1228 ab
2121 1188 2395 1244 Hade-Kha-

160 1258 234 1299 lisa
268 1258 452 1299 citentur
492 1263 533 1297 et
573 1257 732 1298 alicubi
766 1258 811 1298 in
848 1258 1082 1313 Europaeis
1112 1258 1228 1300 MSS.
1259 1258 1379 1300 0.0.
1413 1259 1688 1301 Bibliothecis
1721 1261 1962 1317 (quantum
1997 1276 2019 1301 e
2057 1263 2271 1318 Catalogis
2312 1264 2396 1305 hoc

161 1333 351 1388 constet)
388 1339 627 1385 serventur3
660 1334 724 1375 30.
749 1333 803 1374 de
828 1334 876 1374 iis
904 1348 1091 1389 quorum
1117 1334 1161 1374 in
1188 1334 1368 1374 transitu
1394 1335 1553 1375 mentio
1581 1336 1656 1385 fit,
1690 1335 1875 1377 breviter
1900 1337 1976 1377 ista
2007 1339 2392 1388 communicarem,

161 1422 274 1465 quae
300 1409 389 1450 sine
419 1408 576 1463 magna
609 1408 768 1448 laboris
814 1409 993 1464 ambage
1032 1409 1158 1449 facile
1186 1408 1239 1448 de
1265 1409 1314 1450 iis
1339 1410 1526 1450 invenire
1564 1411 1802 1464 potuerim3
1849 1412 1913 1453 40.
1948 1412 2000 1452 de
2029 1413 2224 1453 omnibus
2243 1446 2251 1462 ,
2287 1427 2398 1468 quae

162 1486 293 1527 citata
334 1484 632 1533 inveniuntur,
681 1482 881 1538 operibus
929 1483 1189 1532 indicarem,
1236 1497 1293 1524 an
1330 1484 1374 1525 in
1418 1485 1771 1540 Hadji-Khali'fae
1813 1487 1980 1528 lexico
2020 1487 2399 1544 Bz'ble'cgraphc'eo

164 1568 204 1601 et
230 1559 463 1601 Herbelotii
494 1558 816 1615 Bz‘blz'otlzeque
859 1559 1096 1602 Orientale
1126 1559 1423 1611 inveniantur3
1466 1565 1506 1600 et
1538 1560 1602 1601 50.
1637 1560 1845 1616 denique,
1881 1568 1927 1602 ut
1968 1563 2136 1611 omnia,
2172 1577 2283 1617 quae
2311 1577 2401 1605 non

159 1634 377 1677 notissima
414 1634 500 1674 diei
543 1640 740 1688 possent,
773 1635 948 1677 nomina
974 1636 1149 1677 relativa
1180 1635 1385 1691 (cami)
1419 1636 1674 1676 illustrarem
1713 1651 1949 1692 eorumque
1990 1638 2263 1692 scriptionem
2293 1639 2403 1679 defi-

161 1715 309 1756 nirem.
370 1715 432 1754 De
465 1712 622 1768 quibus
652 1719 794 1754 autem
818 1715 919 1756 viris
955 1715 1119 1765 doctis,
1154 1714 1356 1770 operibus
1381 1720 1454 1754 aut
1485 1715 1726 1756 nominibus
1759 1716 1961 1764 relativis,
2002 1716 2107 1755 nihil
2147 1723 2400 1757 annotatum

160 1789 427 1838 inveniatur,
462 1788 567 1829 sciat
607 1789 763 1829 Lector
791 1802 860 1829 me
903 1789 957 1830 de
994 1789 1079 1839 his,
1125 1796 1222 1845 post
1259 1789 1450 1830 debitum
1490 1789 1706 1840 laborem,
1752 1790 1857 1832 nihil
1892 1804 2065 1846 prorsus
2100 1792 2287 1832 invenire
2318 1806 2400 1847 po-

165 1865 291 1904 tuisse
332 1877 416 1917 ope
456 1863 816 1906 adminiculorum
857 1878 971 1920 quae
1010 1864 1114 1905 mihi
1146 1864 1220 1907 hic
1261 1865 1318 1906 ad
1353 1879 1504 1906 manus
1537 1872 1685 1908 essent.
1748 1866 1887 1907 Semel
1918 1864 2002 1907 hoc
2034 1865 2198 1907 dietum
2239 1868 2313 1917 sit,
2346 1881 2400 1908 ne

160 1938 353 1993 plurimis
381 1938 426 1978 in
463 1938 569 1979 locis
602 1939 752 1979 eadem
780 1941 1048 1996 ignorantiae
1079 1941 1288 1981 confessio
1317 1940 1479 1980 redeat.

216 2014 443 2068 Superest,
478 2019 525 2053 ut
554 2012 608 2053 de
639 2013 906 2056 adminiculis
945 2027 1122 2070 quoque
1149 2013 1229 2053 illis
1264 2012 1450 2053 breviter
1476 2026 1711 2068 exponam,
1747 2028 1799 2055 ne
1828 2016 1982 2055 Lector
2008 2015 2194 2057 incertus
2225 2016 2399 2058 haereat

164 2088 341 2142 quinam
367 2087 631 2140 intelligendi
657 2089 763 2136 sint,
798 2089 874 2142 qui
908 2089 952 2127 in
978 2087 1328 2128 annotationibus
1355 2087 1474 2126 citati
1501 2087 1794 2135 inveniantur,
1828 2088 1938 2127 libri.

215 2159 570 2217 Hade-Khalifae
610 2161 796 2205 Lexicon
829 2159 1249 2217 Bibliographicum,
1285 2174 1374 2216 quo
1412 2161 1677 2215 potissimum
1717 2175 1815 2202 usus
1842 2176 1958 2211 sum,
1994 2164 2081 2204 cito
2121 2164 2174 2204 ex'
2211 2164 2395 2215 Codice,

165 2237 240 2293 qui
288 2236 474 2292 pertinet
530 2237 587 2277 ad
628 2238 928 2278 collectionem
975 2238 1093 2278 MSS.
1138 2236 1189 2278 Ο.
1221 2236 1272 2278 Ο.
1315 2235 1609 2276 Bibliothecae
1653 2236 1890 2287 Leidensis,
1938 2238 2142 2294 inscripto
2188 2254 2230 2281 n.
2276 2241 2396 2284 1370.

164 2312 366 2365 Quamvis
389 2324 519 2351 manu
548 2311 647 2352 satis
670 2311 807 2352 nitida
835 2311 1040 2365 scriptum
1067 2311 1116 2351 sit
1146 2311 1253 2351 illud
1283 2312 1545 2366 exemplum,
1580 2318 1713 2353 scatet
1741 2319 1884 2355 tamen
1911 2315 2021 2355 vitiis
2049 2315 2183 2356 omnis
2207 2315 2396 2370 generis,

166 2402 190 2427 e
237 2386 396 2427 librarii
426 2386 668 2440 ignorantia
710 2386 839 2435 ortis,
873 2387 932 2426 ita
972 2392 1018 2426 ut
1046 2385 1183 2426 verbis
1213 2400 1356 2428 sensus
1387 2400 1513 2442 saepe
1549 2402 1722 2443 prorsus
1755 2389 1875 2431 desit.
1936 2390 2022 2430 Ista
2056 2396 2198 2430 autem
2232 2391 2396 2431 incom-

163 2462 294 2503 moda
326 2475 482 2517 magna
512 2474 562 2501 ex
602 2467 726 2516 parte
758 2459 925 2501 sublata
957 2467 1053 2502 sunt
1082 2474 1162 2510 eo,
1198 2461 1319 2517 quod
1353 2461 1455 2502 mihi
1481 2475 1558 2516 per
1587 2464 1766 2518 aliquod
1801 2470 1967 2520 tempus
2003 2466 2085 2506 frui
2112 2466 2290 2520 contigit
2320 2478 2402 2521 ope

165 2538 272 2579 alius
301 2535 654 2591 Hadji-Khalifae
690 2537 894 2591 exempli,
930 2535 1054 2592 cujus
1083 2550 1323 2592 possessor,
1369 2537 1432 2578 vir
1468 2537 1771 2579 Illustrissimus
1800 2538 2042 2589 D’Ohsson,
2076 2542 2183 2582 illud
2218 2541 2402 2596 primum

200 2734 290 2782 198)
320 2735 367 2772 In
391 2732 626 2770 illustrandis
652 2747 744 2771 vero
768 2734 967 2772 vocabulis
1003 2734 1188 2774 teclmicis
1222 2744 1258 2772 et
1282 2737 1327 2773 iis
1352 2737 1496 2785 quibus
1529 2735 1788 2772 doctrinarum
1817 2736 2100 2775 subdivisiones
2131 2739 2397 2788 designantur,

314 2801 548 2853 peculiarem
574 2814 730 2851 operam
752 2816 829 2839 non
849 2805 985 2853 posui,
1011 2818 1127 2853 quum
1149 2805 1288 2854 partim
1313 2818 1444 2841 eorum
1467 2804 1669 2853 explicatio
1696 2805 1912 2842 offendatur
1935 2807 1974 2842 in
1993 2808 2135 2843 Lexico‘
2150 2809 2398 2858 Freytagiano

315 2877 354 2907 et
377 2870 609 2917 (Hammeri)
637 2871 734 2908 libro
762 2871 1147 2921 Encyclopaedisclzes
1180 2871 1394 2910 Uebersiclet
1418 2873 1484 2909 der
1513 2873 1831 2923 lVissensclzccften
1857 2875 1918 2910 des
1947 2875 2116 2921 Orients,
2145 2877 2283 2927 partim
2306 2890 2396 2913 vero

313 2938 375 2974 illa
396 2939 448 2974 ita
474 2946 693 2988 comparata
722 2939 818 2985 sint,
848 2947 890 2976 ut
924 2953 1109 2989 perquam
1139 2939 1286 2976 difficile
1318 2941 1387 2986 sit,
1416 2954 1547 2977 veram
1572 2955 1703 2978 eorum
1727 2950 1957 2992 potestatem
1978 2945 2112 2993 paucis
2139 2946 2268 2982 verbis
2295 2952 2397 2981 recte

319 3005 494 3043 definire.
542 3009 649 3053 Quae
671 3014 797 3043 autem
820 3020 839 3042 e
860 3007 958 3043 libro
974 3007 1151 3056 Ta’rzsat
1174 3008 1254 3058 peti
1273 3017 1433 3058 possent
1453 3009 1732 3046 vocabulorum
1754 3010 2017 3049 technicorum
2042 3013 2300 3056 definitiones,
2329 3013 2400 3048 hae

316 3072 418 3120 ipsae
444 3081 488 3110 ut
524 3075 761 3124 explicentur
798 3075 1031 3125 peculiarem
1057 3075 1355 3126 disputationem
1387 3078 1459 3115 sibi
1485 3085 1676 3127 poscunt;
1717 3092 1856 3129 easque
1892 3081 1955 3120 vel
1981 3082 2033 3120 sic
2060 3095 2173 3131 saepe
2210 3092 2289 3117 rem
2320 3093 2397 3119 non

317 3138 526 3192 illustrare,
561 3143 738 3181 omnibus
767 3155 895 3180 rerum
925 3143 1059 3193 peritis
1087 3151 1221 3181 notum
1246 3152 1317 3183 est.
1839 3192 1870 3227 G
