2618 3761
120 352 176 391 sie
205 357 344 394 tamen
377 351 510 393 multa
543 352 730 392 virorum
759 348 986 389 doctorum
1019 349 1192 388 nomina
1226 346 1462 402 posteritati
1491 348 1772 396 conservavit,
1807 360 1919 402 quae
1953 347 2231 404 caeteroquin
2262 356 2363 404 per·⁴

116 425 282 473 iissent,
319 432 359 466 et
384 426 428 465 in
456 424 805 479 deji-Rhalil'ae
845 434 973 474 opere
1010 419 1328 469 desiderantur,
1364 422 1570 475 quoniam
1593 428 1667 462 aut
1693 435 1840 462 eorum
1867 422 2026 476 scripta
2059 420 2157 461 huic
2185 421 2363 462 Auctori

117 500 289 553 cognita
323 514 409 541 non
437 505 594 546 essent,
636 503 708 537 aut
737 494 940 550 qnoniam
972 494 1089 535 nulla
1115 496 1272 550 scripta
1307 494 1587 549 reliquissent.
1655 496 1895 536 Dolendum
1929 501 2071 535 autem
2104 502 2183 543 est,
2217 497 2357 550 ipsum

118 575 372 629 opuseulum
413 574 467 614 ab
509 579 709 619 auctore,
750 581 903 623 nempe
948 574 1085 609 morte
1124 569 1355 623 impedito,
1396 569 1567 609 minime
1602 568 1844 611 absolutum
1877 584 1987 619 esse,
2035 569 2156 624 quod
2201 569 2359 610 diserta

117 649 303 703 probant
325 648 479 688 indicia
499 679 507 693 ,
534 659 645 700 quae
667 644 721 684 ad
746 642 901 684 librarii
931 642 1139 682 incuriam
1167 644 1313 684 referri
1339 651 1573 700 nequeunt.
1635 645 1793 685 Passim
1820 645 1931 684 enim
1958 644 2142 698 abrupte
2162 643 2359 685 desinunt

119 723 304 776 capitula
322 755 330 769 ‚
367 722 550 762 citantur
571 719 699 759 verba
725 724 796 758 aut
818 730 977 764 versus,
1012 716 1085 757 sed
1109 731 1221 772 quae
1244 718 1416 761 citanda
1443 721 1610 762 fuerant
1632 719 1802 768 desunt,
1837 725 1877 759 et
1905 719 2089 773 spatium
2120 719 2164 759 in
2199 717 2360 760 Codice

117 796 310 834 relictum
340 795 527 842 indicat,
569 794 787 834 librarium
815 805 864 832 ea
892 791 1009 831 haud
1035 793 1168 847 magis
1195 794 1398 836 invenisse
1425 796 1468 837 in
1495 810 1571 837 suo
1600 809 1689 850 quo
1715 809 1814 835 usus
1846 794 1895 833 sit
1923 792 2172 847 archetypo.
2239 791 2360 834 Idem

116 869 270 924 probat
304 871 470 911 omissio
504 871 736 910 multorum
763 867 978 915 virorum,
1021 867 1177 922 quihus
1211 882 1261 909 ex
1294 870 1494 911 Auctoris
1527 870 1705 911 consilio
1738 869 1825 910 sine
1859 867 1993 908 dubio
2027 867 2102 908 hic
2134 867 2256 908 locus
2284 867 2362 907 tri-

104 943 307 984 ·buendus
334 945 499 985 suisset:
539 959 562 985 e
590 944 745 999 quibus
779 956 912 983 unum
938 940 1260 987 Baidhffwium.
1297 943 1672 985 celebratissimum
1704 944 2007 999 Interpretem‚
2041 941 2095 983 de
2121 955 2210 997 quo
2240 941 2361 983 nulla

117 1018 190 1058 liic
229 1020 387 1059 mentio
419 1021 486 1065 fit,
533 1019 783 1060 nominatim
823 1031 891 1058 me
927 1016 1076 1057 citasse
1118 1018 1215 1058 satis
1252 1019 1316 1060 sit.
1391 1020 1454 1060 Ac
1495 1019 1682 1075 denique
1719 1019 1804 1061 hoc
1846 1019 2038 1059 declarat
2077 1015 2354 1071 subscriptio,

117 1108 247 1148 qnam
280 1094 336 1134 ad
368 1095 496 1135 finem
531 1094 667 1134 textus
701 1093 868 1148 adjeci;
908 1098 949 1132 et
983 1092 1242 1134 confirmant
1276 1108 1365 1135 uno
1399 1094 1519 1150 quasi
1553 1108 1627 1134 ore
1666 1095 1836 1149 prolata
1870 1094 2109 1135 testimonia
2144 1092 2360 1140 omnium.

117 1188 192 1242 qui
231 1188 284 1228 de
335 1188 418 1228 hoc
460 1187 603 1228 libello
649 1186 906 1225 mentionem
959 1184 1225 1240 injecerunt,
1285 1195 1332 1229 ut
1384 1187 1738 1244 HTide-Khalifae
1778 1188 1824 1228 in
1871 1200 1911 1228 v.
1951 1173 2150 1251 &affixas-di
2189 1184 2360 1241 eatae,

116 1267 333 1306 Hei-beloti
364 1268 407 1306 iu
437 1281 474 1306 v.
514 1266 742 1306 Thabacat
771 1263 834 1304 Al
858 1264 1173 1319 Mofawerin⁷
1209 1271 1248 1305 et
1277 1264 1330 1304 de
1356 1264 1493 1305 Rossii
1519 1266 1564 1306 in
1594 1268 1872 1307 DAz-[onarz'o
1904 1266 2083 1307 Stortco
2116 1267 2148 1308 l.
2177 1267 2207 1308 l.
2270 1265 2360 1306 Nec

116 1348 203 1381 tam
242 1341 485 1382 fortunatus
513 1340 600 1387 fui,
641 1345 688 1379 ut
723 1352 822 1379 cum
863 1338 1067 1394 Leydensi
1102 1338 1261 1380 Codice
1301 1339 1417 1380 aliud
1453 1341 1676 1396 quoddam
1712 1342 1951 1397 exemplum
1991 1342 2124 1383 nostri
2165 1339 2362 1396 opusculi

118 1416 312 1456 conferre
352 1416 588 1471 potuerim,
637 1414 762 1470 cujus
802 1414 976 1469 quidem
1016 1429 1098 1470 ope
1137 1414 1272 1454 multa
1309 1414 1472 1455 ineerta
1512 1416 1745 1467 illustrata,
1792 1418 2039 1472 multaeque
2078 1416 2355 1457 difficultates

115 1491 279 1530 solutae
306 1491 491 1532 fuissent.
568 1491 788 1543 Quantum
816 1490 927 1530 enim
953 1490 1153 1546 equidem
1180 1491 1306 1540 novi,
1339 1491 1383 1531 in
1417 1490 1533 1532 nulla
1572 1492 1795 1547 Europaea
1827 1490 2097 1533 Bibliotheca
2126 1490 2360 1532 Manuscri-

113 1571 290 1619 ptorum
330 1566 609 1608 Orientalium
640 1565 709 1605 hic
751 1564 935 1619 Sojoutii
973 1571 1107 1606 exstat
1147 1566 1278 1615 liber,
1320 1572 1394 1606 aut
1433 1581 1645 1622 nusquam
1684 1574 1799 1608 certe
1838 1568 1882 1608 in
1909 1581 2055 1607 earum
2083 1565 2204 1605 editis
2227 1565 2355 1606 Cata·

113 1640 222 1694 logis
253 1640 306 1680 de
337 1655 387 1681 eo
426 1641 586 1680 mentio
611 1640 772 1693 injecta
801 1646 875 1680 est.
951 1641 1100 1680 Literis
1137 1641 1221 1681 hoc
1261 1640 1314 1680 de
1340 1649 1594 1695 argumento
1626 1656 1650 1683 a
1681 1643 1898 1683 carissimo
1925 1642 2234 1694 Praeceptore,
2267 1640 2360 1681 viro

115 1713 178 1754 Cl.
210 1713 436 1767 VVeijersio
453 1745 462 1762 ‚
497 1712 555 1754 ad
580 1713 910 1754 Illustrissimum
936 1714 1121 1768 Sacyum
1147 1714 1327 1755 Parisias
1351 1714 1506 1763 missis,
1542 1714 1611 1755 hic
1627 1747 1635 1763 ‚
1671 1716 1759 1771 qua
1786 1716 1865 1756 fuit
1891 1716 2042 1772 insigni
2067 1713 2331 1756 humanitate
2347 1748 2357 1764 ‚

115 1794 238 1843 grato
279 1789 421 1829 animo
461 1789 591 1829 etiam
644 1801 669 1828 a
706 1801 774 1828 me
813 1787 1022 1837 colenda,
1071 1788 1272 1829 certiores
1313 1803 1392 1830 nos
1436 1789 1562 1838 fecit,
1610 1789 1738 1831 hodie
1790 1805 1967 1846 quoque
2006 1791 2049 1831 in
2088 1789 2368 1830 Bibliotheeis

116 1862 419 1903 Parisiensibus
452 1863 565 1903 istud
593 1863 847 1918 opusculum
882 1863 1038 1905 deesse.
1111 1863 1234 1904 Idem
1269 1870 1411 1905 tamen
1446 1878 1469 1904 a
1504 1865 1603 1906 viris
1636 1865 1776 1907 doctis
1802 1866 2090 1907 Orientalibus
2123 1879 2212 1906 non
2236 1865 2366 1920 plane

114 1938 357 1991 neglectum
395 1938 544 1986 fuisse,
577 1937 705 1978 docet
740 1938 962 1978 annotatio
1000 1937 1264 1993 marginalis,
1305 1938 1396 1992 ejus
1434 1939 1509 1979 fini
1535 1939 1580 1980 in
1613 1948 1760 1982 nostro
1801 1940 1960 1982 Codice
1989 1941 2187 1997 adjecta,
2222 1954 2359 1995 quae,

117 2012 243 2051 etiam
283 2012 327 2052 in
371 2012 457 2052 fine
503 2013 673 2052 alterius
721 2013 916 2065 opusculi
953 2012 1104 2053 iisdem
1144 2012 1232 2053 fere
1280 2013 1415 2056 verbis
1460 2015 1664 2068 repetita,
1721 2016 2047 2069 quodammodo
2088 2030 2266 2070 quoque
2307 2015 2364 2057 ad

119 2102 340 2142 historiam
370 2102 539 2144 Codicis
564 2102 697 2142 nostri
723 2102 930 2155 pertinet:
970 2083 1087 2147 §mi
1123 2121 1194 2166 U-.)
1235 2083 1359 2147 su>i
1401 2103 1541 2148 „wan
1577 2093 1648 2170 λζ)
1673 2086 1762 2162 :ise
1787 2113 1874 2168 5255
1913 2088 2039 2163 §ks-,³33
2078 2088 2224 2148 fitilla}
2270 2085 2365 2165 ³1⁴3?

123 2210 323 2267 astam,
359 2210 501 2274 Onu-s·-
533 2219 615 2252 iem
644 2206 771 2275 &³⁵5³
804 2210 974 2267 ἑο»
993 2216 1078 2272 ἡκ
1111 2210 1219 2267 3559
1259 2217 1338 2276 &s
1370 2209 1492 2269 aas)
1525 2212 1639 2270 eft:
1671 2194 1767 2278 ἐξ.
1797 2213 1967 2278 &aaa
2001 2214 2182 2279 &aaut
2215 2226 2364 2262 osse,

1795 2328 1830 2364 <a
1850 2321 2053 2384 &ml-55&
2093 2320 2200 2375 εἰ..)
2231 2321 2258 2340 ·'

183 2410 376 2466 Denique
402 2409 498 2466 jam
526 2409 676 2464 paucis
692 2423 707 2457 ‚·
735 2423 788 2450 ne
819 2409 996 2450 nimium
1026 2409 1208 2465 spatium
1237 2410 1542 2467 prolegomena
1572 2418 1719 2453 nostra
1751 2417 1988 2466 occupent,
2025 2424 2194 2466 agemus
2223 2412 2267 2454 in

317 2654 388 2695 De
418 2656 604 2706 nor-mci,
639 2672 775 2714 quam
805 2659 855 2697 z'n
888 2656 1060 2697 edendo
1091 2662 1134 2697 et
1163 2656 1447 2699 illustrando
1479 2659 1563 2699 hoo
1593 2660 1810 2715 opusculo
1843 2663 1989 2702 seculi
2016 2675 2187 2702 smnus.

188 2786 363 2834 Textus,
398 2792 444 2826 ut
475 2787 520 2828 in
548 2787 707 2829 Codice
734 2786 931 2838 offertur,
966 2789 1128 2844 ubique
1155 2795 1343 2830 servatus
1376 2796 1460 2839 est,
1496 2793 1680 2847 exceptis
1712 2793 1759 2833 iis
1797 2793 1925 2841 locis⁷
1967 2792 2039 2832 ubi
2067 2797 2138 2831 aut
2165 2790 2365 2834 indubiae

132 2861 441 2903 Grammaticae
475 2861 608 2918 leges,
656 2870 727 2904 aut
755 2864 985 2904 sententiae
1014 2865 1189 2905 metrive
1214 2866 1323 2906 ratio
1341 2898 1349 2914 ‚
1394 2873 1466 2906 aut
1494 2868 1602 2908 aliae
1633 2869 1899 2925 gravissimae
1926 2880 2100 2913 causae,
2137 2867 2362 2908 lectionem

131 2935 442 2977 emendandam
469 2950 554 2976 esse
583 2943 702 2977 cerlo
731 2938 1040 2978 declararent.
1102 2939 1357 2994 Ubicunque
1390 2955 1511 2991 vero,
1553 2942 1847 2999 hujuscemodi
1875 2940 2109 2981 rationibus
2134 2942 2359 2992 inductus,

125 3018 286 3052 textum
319 3010 573 3051 mutandum
608 3011 778 3065 putavi,
814 3011 896 3052 hoc
938 3011 1099 3052 summa
1141 3027 1238 3054 cum
1278 3016 1479 3071 religione
1518 3032 1594 3072 per
1622 3017 1965 3065 annotationem,
1999 3017 2043 3056 in
2071 3017 2155 3057 fine
2181 3018 2361 3072 paginae

129 3087 367 3142 adjectam,
403 3086 553 3128 lectori
580 3085 778 3127 indicavi.
858 3086 1020 3129 Eodem
1052 3089 1183 3131 modo
1223 3104 1366 3132 omnes
1405 3094 1655 3148 marginales
1693 3097 1841 3141 notas,
1887 3106 1994 3148 quas
2033 3092 2175 3134 Codex
2207 3092 2354 3142 offert,
