2618 3761
197 367 299 407 dum
333 375 557 406 numerum
596 364 794 406 decimae
827 363 989 419 partis,
1022 362 1096 404 sed
1127 376 1200 404 eos
1227 369 1373 405 tamen
1408 362 1471 404 his
1502 364 1715 406 solvendis
1745 377 1869 421 pares
1898 379 1986 409 non
2020 366 2182 410 futuros
2225 386 2328 416 esse.
2386 374 2438 417 Et

142 434 146 437 ⁴
192 441 409 498 peculiare
447 440 612 496 scripsit
645 441 899 496 opusculum
936 440 992 481 de
1028 439 1221 481 faciiiore
1250 438 1474 480 reddenda
1506 442 1572 482 via
1604 442 1659 482 ad
1690 442 1873 497 gradum
1906 442 2164 499 Modjtahidi
2197 443 2274 500 (h.
2302 463 2344 491 e.
2381 451 2438 492 ad

194 531 292 559 eum
326 516 531 560 scientiae
564 517 773 573 gradum,
817 523 863 557 ut
895 516 990 571 quis
1025 514 1106 555 sibi
1140 515 1313 570 propria
1343 513 1502 557 habeat
1529 518 1582 558 de
1612 518 1829 572 quibusvis
1855 519 2177 573 quaestionibus
2213 521 2433 576 placita):

192 593 314 648 quod
342 592 445 635 fecit
472 599 518 634 ut
547 593 702 635 certius
732 597 984 648 appareret,
1018 604 1061 632 se
1095 589 1264 631 sibimet
1290 590 1369 645 ipsi
1401 603 1496 631 eam
1529 591 1780 635 facultatem
1814 607 2010 637 asserere.
2071 594 2121 636 Et
2153 595 2441 651 pulcherrime

195 670 302 710 (lixit
330 669 487 711 doctor
521 669 704 724 quidam
741 667 798 709 de
833 666 1113 708 Arithmetica
1147 669 1243 709 ¹¹82
1299 677 1322 702 Ὠ
1347 668 1468 722 quod
1498 667 1713 711 confessus
1744 675 1804 710 est
1839 670 1892 712 de
1919 684 1960 712 se
1990 671 2111 726 ipso,
2145 685 2234 726 quo
2266 673 2442 728 quidem

194 747 238 786 in
273 745 523 799 opinionem
556 743 762 786 inducere
800 740 995 782 homines
1032 741 1204 782 volebat
1238 756 1281 784 se
1323 757 1510 798 aequum
1545 758 1658 793 esse,
1692 744 1911 801 insigniter
1946 747 2102 802 probat
2136 747 2227 803 ejus
2260 748 2441 790 hebetu-

194 820 336 860 dinem
370 819 697 870 intellectusque
728 816 994 867 absentiam,
1029 817 1236 872 quoniam
1266 817 1345 858 viri
1380 816 1508 872 hujus
1538 818 1793 874 disciplinae
1833 821 2182 874 praestantissimi
2214 824 2440 865 manifesto

1292 892 1317 910 99

194 895 451 941 ostendunt,
498 905 594 933 eam
627 905 714 933 esse
745 893 1020 948 disciplinam
1062 891 1288 934 acuminis.
1387 893 1512 935 Hisce
1543 893 1676 935 simile
1710 901 1770 936 est
1806 894 1971 936 dictum
2005 896 2258 952 cujusdam:
2315 909 2336 936 »
2363 898 2444 940 sibi

193 974 367 1023 arrogat
385 966 644 1023 Modjtahidi
667 968 851 1023 gradum
878 975 923 1010 ut
951 981 1112 1011 errores
1142 982 1238 1009 suos
1267 969 1507 1010 occultet.”
1569 968 1718 1011 Simile
1739 973 1805 999 119
1838 985 2013 1027 quoque
2042 979 2101 1014 est
2129 973 2296 1014 dictum
2324 973 2414 1029 ejus
2428 1004 2447 1031 ,-

191 1057 326 1099 quum
366 1045 405 1085 ei
448 1044 612 1085 adesset
654 1045 720 1086 vir
756 1044 932 1101 insignis
969 1045 1174 1100 quidam,
1221 1045 1297 1099 qui
1334 1045 1555 1100 cupiverat
1590 1046 1710 1100 loqui
1753 1060 1851 1088 cum
1888 1061 1939 1089 eo
1980 1048 2034 1090 de
2075 1048 2265 1104 quadam
2309 1061 2446 1102 quae-

190 1122 351 1162 stione:
389 1131 412 1157 »
440 1119 533 1161 fieri
566 1120 742 1174 nequit,
773 1127 820 1161 ut
848 1134 1010 1163 merces
1039 1133 1161 1163 meae
1192 1121 1237 1162 in
1264 1120 1440 1162 scientia
1474 1120 1733 1177 Theologiae
1763 1120 2060 1166 Scholasticae
2096 1124 2336 1166 mediocres
2363 1138 2445 1166 nec

189 1197 236 1238 in
267 1210 343 1238 suo
387 1210 542 1251 genere
574 1196 952 1238 excellentissimae
987 1197 1115 1238 sint.”
1188 1195 1301 1237 Dixit
1341 1197 1379 1236 ei
1424 1196 1550 1238 alius:
1607 1179 1882 1239 »certiorem
1922 1213 1990 1240 me
2037 1200 2107 1243 fac
2155 1199 2210 1241 de
2261 1200 2447 1242 scientiis

190 1271 464 1327 Modjtahido
497 1273 769 1314 necessariis:
803 1286 859 1314 an
891 1286 1018 1314 nemo
1061 1278 1248 1328 superest
1291 1272 1366 1326 qui
1407 1285 1479 1311 eas
1515 1272 1747 1314 nove1·it?’'
1832 1274 2074 1329 Respondit
2116 1278 2181 1316 ei:
2221 1277 2446 1317 »omnino

190 1354 414 1402 supersunt
444 1349 521 1404 qui
547 1349 591 1390 in
620 1349 673 1390 iis
702 1349 979 1390 mediocriter
1013 1348 1095 1389 sint
1123 1347 1303 1396 versati,
1337 1347 1412 1387 sed
1450 1360 1539 1388 non
1567 1348 1625 1388 ita
1658 1354 1703 1388 ut
1733 1350 1944 1391 collectae
1972 1349 2051 1390 sint
2077 1350 2121 1391 in
2153 1364 2266 1400 uno,
2300 1364 2447 1393 verum

191 1424 412 1478 dispersim
439 1438 483 1465 se
511 1424 739 1465 offerant.’'
816 1423 921 1464 Tum
954 1423 1052 1465 illeg
1092 1423 1326 1462 »Memora
1358 1421 1462 1462 mihi
1489 1435 1587 1470 eOS‚
1621 1429 1667 1462 ut
1697 1437 1775 1465 nos
1804 1438 1876 1466 eos
1904 1424 1980 1464 tibi
2015 1426 2296 1479 colligamus,
2329 1431 2371 1467 et
2401 1433 2446 1467 tu

193 1514 291 1541 cum
325 1501 374 1540 iis
409 1500 618 1555 loquaris.
679 1498 731 1540 Et
763 1499 797 1540 si
827 1510 936 1540 unus
971 1497 1154 1554 quisque
1189 1511 1338 1539 eorum
1371 1510 1472 1539 suae
1510 1499 1766 1554 disciplinae
1798 1505 1838 1541 te
1878 1499 2064 1555 peritum
2097 1513 2183 1541 esse
2225 1500 2443 1542 confessus

191 1576 295 1624 erit,
329 1581 370 1616 et
399 1574 649 1616 distinctum
685 1574 730 1616 in
764 1587 815 1616 ea
856 1575 1002 1616 locum
1033 1572 1113 1616 tibi
1149 1571 1452 1629 assignaverit,
1485 1571 1577 1614 fieri
1609 1576 1770 1629 poterit
1807 1580 1854 1616 ut
1889 1574 1966 1617 tibi
2001 1575 2279 1618 assentiamur
2317 1578 2362 1618 in
2394 1589 2446 1617 eo

189 1649 310 1703 quod
339 1648 415 1690 tibi
447 1650 666 1706 arroga8.’'
726 1650 833 1692 Tum
860 1664 962 1693 vero
992 1650 1129 1693 tacuit
1159 1664 1302 1705 neque
1335 1649 1581 1704 quidquam
1619 1652 1812 1705 protulit.

248 1722 298 1763 Et
336 1725 690 1766 commemoravit
723 1725 882 1779 scripta
924 1738 998 1766 sua
1039 1738 1262 1766 numerum
1298 1730 1587 1765 trecentorum
1627 1724 1851 1766 excedere.
1908 1723 2019 1768 *Vidi
2060 1738 2112 1765 ex
2143 1725 2193 1766 iis
2230 1723 2450 1780 quaedam

190 1810 305 1851 quae
341 1812 428 1840 uno
462 1804 631 1841 tantum
662 1799 766 1840 folio
801 1805 1026 1851 constant;
1059 1812 1260 1855 quaeque
1296 1798 1583 1853 quaternione
1619 1798 1785 1840 minora
1814 1805 1937 1851 sunt,
1983 1799 2119 1841 multa
2156 1799 2445 1843 inveniuntur.

140 1912 143 1915 ,
193 1871 245 1912 Et
274 1874 512 1917 nominavit
549 1875 659 1917 inter
696 1888 747 1917 ea
783 1875 1140 1917 commentarium
1167 1875 1212 1916 in
1245 1876 1399 1930 poema
1436 1869 1748 1930 as-Schatibija
1778 1878 1845 1900 ¹20
1878 1873 2072 1924 dictum,
2108 1878 2151 1915 et
2183 1872 2373 1929 Alfijam
2403 1872 2450 1914 iu

191 1946 346 1988 decem
383 1947 630 1999 Lectiones,
678 1964 950 2005 quamquam
991 1949 1208 1990 confessus
1250 1953 1336 1994 est,
1383 1947 1494 1988 sicut
1533 1961 1662 2000 supra
1702 1948 1908 1996 vidimus,
1954 1962 1998 1990 se
2039 1949 2084 1990 in
2126 1949 2176 1989 iis
2221 1948 2449 1989 doctorem

191 2034 281 2062 non
311 2020 522 2064 habuisse.
582 2022 634 2063 Et
655 2023 765 2064 inter
795 2036 845 2064 ea
870 2023 982 2063 illius
1005 2021 1190 2076 scripta,
1225 2032 1338 2074 quae
1368 2018 1521 2060 fraude
1541 2020 1718 2074 diripuit
1749 2035 1799 2063 ex
1828 2021 1945 2062 libris
1965 2021 2161 2062 Doctoris
2187 2018 2320 2059 nostri
2346 2021 2444 2068 121,

188 2098 308 2134 sunt:
342 2091 549 2132 Medulla
579 2095 822 2132 citatorum
857 2093 912 2130 de
944 2095 1098 2130 causis
1127 2091 1448 2140 revelationis,
1481 2098 1522 2131 et
1559 2092 1730 2134 Oculus
1765 2107 1950 2149 scopum
1972 2092 2161 2146 feriens
2201 2094 2255 2134 de
2288 2098 2448 2150 cogni.

191 2170 315 2209 tione
345 2166 582 2208 Sociorum
611 2165 944 2207 illohammedis
963 2195 972 2213 ‚
1006 2170 1047 2204 et
1081 2162 1225 2206 Aeute
1258 2163 1382 2204 dicta
1420 2179 1540 2206 nova
1572 2167 1627 2208 de
1659 2167 1999 2210 Tradc'lc‘onz'bus
2032 2169 2341 2222 supposititiis
2361 2201 2372 2218 ,
2406 2177 2448 2211 et

200 2240 277 2282 Vz'a
306 2241 371 2282 ad
398 2241 588 2297 glossas
620 2239 966 2296 interpretandi
999 2254 1141 2281 causa
1170 2241 1221 2279 z‘n
1244 2243 1418 2281 textum
1448 2242 1652 2281 invectas
1683 2244 1751 2267 ¹22
1770 2273 1782 2293 ,
1816 2249 1857 2285 et
1886 2243 2023 2286 Lz'ber
2055 2243 2331 2287 memorialis
2373 2259 2445 2286 30.

225 2446 313 2495 118)
342 2448 517 2498 Respicit
549 2461 686 2500 nempe
717 2448 768 2487 ad
799 2449 918 2486 verba
952 2449 1134 2499 Sojoutii‚
1175 2462 1214 2487 se
1250 2449 1300 2487 ab
1327 2451 1575 2489 Aritlnnetica
1615 2454 1722 2491 valde
1758 2454 1990 2502 abhorrere,
2031 2457 2190 2506 ejusque
2232 2458 2446 2507 cognitione

342 2517 446 2554 nulla
475 2518 654 2566 gaudere.

226 2589 314 2637 119)
343 2591 513 2628 Affertur
546 2592 673 2629 denuo
709 2595 906 2644 specimen
940 2595 1025 2642 ejus
1056 2592 1294 2629 insolentiae.
1363 2594 1497 2632 Verba
1532 2594 1633 2630 enim
1675 2594 1832 2630 initialia
1867 2587 1970 2630 μάλ’)
1998 2592 2101 2646 55³⁵
2140 2601 2178 2630 et
2216 2583 2304 2630 53⁸9
2355 2595 2444 2631 „sd

2336 2638 2361 2647 -a

343 2664 393 2699 ad
424 2677 484 2699 res
521 2664 692 2702 diversas
721 2677 897 2717 spectare
928 2669 1130 2713 videntur,
1162 2681 1234 2705 nec
1269 2668 1443 2705 ordinem
1472 2668 1640 2716 logicum
1672 2669 1712 2707 in
1747 2668 1983 2707 adducendis
2015 2667 2289 2718 speciminibus
2321 2677 2447 2707 servat

345 2741 505 2780 auctor,
536 2736 603 2772 sed
628 2738 847 2786 promiscue
876 2746 915 2775 ct
942 2738 1101 2776 confuse
1129 2737 1190 2774 illa
1212 2737 1337 2773 affert.
1389 2734 1398 2745 ⁹

227 2800 315 2847 120)
345 2803 438 2840 Vid.
468 2817 585 2855 supra
611 2820 650 2856 p.
673 2806 696 2843 7
722 2821 810 2844 ann.
832 2823 866 2844 r.

229 2869 318 2917 121)
348 2872 444 2918 Quis
469 2873 531 2910 hic
564 2876 635 2921 sit,
681 2890 794 2925 quem
827 2877 1052 2914 Sakhawius
1079 2880 1172 2915 κατ’
1199 2874 1344 2925 ἐξοχὴν
1368 2877 1577 2912 Doctorem
1615 2890 1726 2914 suum
1762 2883 1898 2922 vocet,
1941 2875 2224 2926 quodammodo
2257 2875 2444 2911 incertum

348 2941 473 2978 videri
504 2953 646 2993 potest.
716 2947 905 2996 Equidem
937 2955 1062 2982 tamen
1086 2959 1164 2982 non
1205 2944 1363 2990 dubito,
1410 2944 1502 2994 quin
1534 2946 1715 2996 respiciat
1753 2947 1801 2983 ad
1838 2946 2177 2983 Alamo-d-dinum
2218 2939 2441 2982 al-Bolkini,

349 3011 421 3046 suh
459 3015 570 3063 cujus
605 3016 788 3066 auspiciis
821 3015 1017 3065 Sojoutius
1048 3015 1114 3051 diu
1154 3013 1347 3051 doctrinas
1384 3015 1569 3060 excoluit,
1611 3030 1799 3066 quemque
1837 3016 2089 3063 Sakfflwius,
2119 3016 2188 3054 ubi
2213 3016 2295 3063 ejus
2328 3009 2446 3044 Vitam

350 3084 484 3130 tradit,
514 3087 653 3124 diserte
681 3082 833 3122 Usa-m
861 3094 987 3124 vocat.
1041 3087 1152 3124 Conf.
1176 3087 1222 3123 de
1251 3099 1295 3123 eo
1323 3102 1439 3137 supra
1477 3102 1565 3124 ann.
1593 3088 1651 3126 17.

236 3143 323 3191 122)
353 3146 464 3183 Conf.
494 3150 652 3199 Flugelii
672 3158 803 3189 annot.
830 3152 871 3190 in
897 3150 1049 3189 Annal.
1078 3149 1246 3189 Vindob.
1274 3152 1364 3193 Vol.
1389 3153 1458 3198 60,
1490 3154 1587 3191 ΑΗΖ.
1613 3153 1667 3190 ΒΙ,
1694 3168 1735 3204 p.
1761 3154 1806 3191 21
1837 3154 1909 3189 sul)
1938 3158 1994 3186 n0.
2018 3151 2106 3186 4550

1849 3217 1877 3252 E
1902 3232 1923 3254 2
