2618 3761
1124 233 1503 281 —19—

198 362 502 421 terpretatione
534 360 722 411 Korani‚
753 361 799 404 in
830 361 1102 410 Tradifione,
1135 359 1498 416 Jurisprudentia,
1533 360 1773 416 syntactica
1806 360 2123 405 Grammaticae
2157 374 2278 419 parte
2313 376 2355 412 et
2392 371 2438 414 in

196 441 329 482 tribus
362 438 622 481 Rhetoricae
661 437 854 494 partibus
878 441 922 464 ⁵¹
941 468 952 487 ,
985 450 1139 492 nempe
1175 442 1221 477 ut
1259 434 1314 475 ab
1344 434 1560 477 Arabibus
1588 437 1773 493 virisque
1817 437 2046 487 facundis,
2078 452 2166 480 non
2199 446 2246 482 ut
2274 456 2300 483 a
2332 443 2440 486 Bar-

195 515 311 558 baris
349 513 704 570 philosophisque
745 514 982 563 veteribus,
1026 515 1170 555 cultae
1201 517 1325 561 sunt;
1372 511 1580 567 quodque
1620 528 1700 568 pro
1740 520 1859 556 certo
1897 513 2069 564 habeo,
2108 513 2194 557 hoc
2237 522 2328 567 est,
2373 532 2440 561 me

196 596 365 633 tantum
399 588 631 645 profecisse
660 590 704 631 in
736 589 799 631 his
831 603 903 631 sex
935 586 1169 644 disciplinis
1203 584 1402 642 (excipio
1436 587 1549 629 enim
1576 588 1982 644 Jurisprudentiam)
2001 620 2013 640 ‚
2046 597 2088 632 et
2117 597 2180 631 tot
2209 592 2356 648 legisse
2389 593 2443 635 de

194 667 276 707 illis
310 666 490 721 scriptas
530 666 785 714 relationes,
833 671 1048 718 quantum
1079 675 1168 703 non
1201 662 1432 716 profecerit
1459 668 1502 703 et
1538 669 1648 717 quot
1690 678 1913 718 nunquam
1951 666 2101 721 legerit
2133 667 2242 708 ullus
2279 667 2443 709 Docto·

198 755 292 781 rum
326 754 550 792 meorum,
580 740 741 781 nedum
783 737 978 780 homines
1010 737 1061 778 iis
1088 736 1322 780 inferiores.
1394 737 1455 778 De
1485 737 1827 793 Jurisprudentia
1867 747 2008 781 autem
2045 741 2160 783 idem
2196 756 2285 785 non
2316 743 2443 794 dico;

197 828 340 857 verum
373 815 533 856 Doctor
560 826 682 862 meus
711 813 756 855 in
787 814 862 854 illa
894 813 1102 868 ampliore
1140 812 1232 855 visu
1266 818 1309 853 et
1348 813 1545 868 longiore
1582 828 1713 856 manu
1755 815 1990 870 gaudebat.
2052 817 2103 857 Et
2142 817 2281 859 minus
2315 819 2445 860 etiam

196 903 329 943 quam
364 889 408 929 in
438 887 502 929 his
528 894 689 944 septem
723 889 987 945 disciplinis,
1021 888 1202 931 scientia
1229 900 1326 930 mea
1362 889 1476 931 valet
1509 890 1554 932 in
1579 889 1886 931 Fundamentis
1911 890 2283 946 Jurisprudentiae
2325 898 2368 934 et
2399 894 2444 935 in

198 963 439 1005 Dialectica
477 964 694 1019 polemica
720 966 792 1013 ⁵2,
826 970 868 1006 et
903 965 948 1005 in
978 978 1034 1006 ea·
1069 964 1388 1008 Grammaticae
1428 970 1576 1021 parte,
1622 979 1737 1021 quae
1770 965 1826 1007 de
1866 965 2100 1008 verborum
2138 970 2180 1007 et
2223 966 2448 1009 nominum

196 1037 426 1080 inflexione
469 1040 574 1095 agit.
645 1040 783 1081 Minus
824 1041 954 1082 etiam
1000 1041 1046 1082 in
1095 1041 1296 1083 doctrina
1355 1041 1441 1083 stili
1482 1048 1524 1083 et
1567 1041 1611 1082 in
1663 1046 1755 1082 arte
1795 1040 2072 1096 epistolarum
2123 1040 2449 1084 scribendarum

194 1122 236 1156 et
267 1116 310 1157 in
349 1116 627 1158 successionis
667 1114 980 1157 haereditariae
1006 1115 1202 1171 legibus3
1233 1116 1372 1158 minus
1399 1129 1501 1159 vero
1535 1116 1665 1158 etiam
1705 1117 1751 1158 in
1783 1117 2040 1160 lectionibus
2075 1117 2241 1160 Korani
2280 1118 2453 1161 varian-

193 1189 334 1240 tibus,
364 1204 474 1246 quas
503 1206 529 1233 a
551 1192 671 1234 nullo
701 1206 894 1248 unquam
914 1192 1103 1233 Doctore
1133 1191 1268 1232 didici
1286 1206 1297 1242 ;
1317 1192 1595 1246 omniumque
1624 1192 1798 1234 minime
1823 1193 1868 1234 in
1897 1194 2142 1246 medicina3
2175 1191 2449 1235 arithmetica

192 1279 293 1307 vero
335 1267 529 1307 omnium
566 1281 707 1308 rerum
751 1267 855 1309 mihi
895 1273 988 1309 erat
1039 1265 1297 1308 difficillima
1334 1272 1376 1307 et
1418 1268 1603 1309 maxime
1648 1261 1884 1309 abhorrens
1923 1268 1979 1310 ab
2028 1269 2205 1325 ingenio
2239 1280 2361 1319 meo,
2406 1275 2449 1310 et

195 1339 376 1396 quando
408 1347 597 1383 mentem
632 1342 812 1385 intendo
838 1343 895 1384 ad
926 1342 1221 1398 quaestionem
1246 1354 1299 1382 eo
1325 1343 1636 1396 pertinentem,
1680 1356 1769 1384 non
1795 1343 1914 1385 aliud
1942 1344 2084 1399 patior
2113 1357 2248 1399 quam
2287 1344 2320 1385 si
2353 1349 2449 1386 ten·

195 1422 330 1457 tarem
363 1422 556 1459 montem
589 1415 648 1457 ad
694 1429 791 1458 eum
836 1415 1162 1472 asportandum.
1240 1419 1305 1459 Ac
1351 1417 1568 1472 completa
1605 1416 1703 1472 jam
1746 1417 1865 1472 apud
1903 1431 1971 1459 me
2016 1423 2101 1469 est,
2142 1431 2221 1473 per
2258 1417 2450 1460 divinam

197 1491 405 1545 gratiam,
441 1506 494 1533 ea
527 1490 850 1548 (cognitionis)
882 1493 1097 1547 supellex,
1130 1504 1219 1546 qua
1264 1504 1372 1546 opus
1405 1498 1468 1533 est
1504 1491 1683 1534 Doctori
1729 1493 1805 1547 qui
1843 1491 2136 1549 peculiaribus
2175 1505 2221 1534 se
2250 1493 2450 1549 insigniat

193 1565 367 1620 placitis
402 1567 540 1623 iisque
575 1567 758 1623 gloriam
801 1580 879 1609 suo
919 1569 1084 1610 nomini
1123 1567 1328 1610 conciliet
1369 1566 1503 1622 (dico
1545 1574 1696 1609 autem?
1730 1567 1837 1610 illud
1877 1575 1924 1610 ut
1970 1568 2045 1609 Dei
2082 1567 2294 1610 beneficia
2326 1583 2452 1611 enar-

195 1654 311 1693 rem,
345 1656 434 1685 non
464 1647 512 1684 ut
550 1643 734 1699 glorier3
779 1643 940 1699 ecquid
978 1645 1091 1686 enim
1119 1644 1236 1686 bona
1269 1642 1492 1685 mundana
1523 1649 1645 1693 sunt,
1679 1649 1727 1684 ut
1770 1658 1820 1684 ea
1861 1645 1957 1700 quis
2000 1644 2226 1699 acquirere
2261 1644 2451 1686 studeret

195 1718 449 1771 gloriando,
483 1731 618 1774 quum
658 1718 755 1774 jam
786 1719 963 1774 propius
994 1719 1103 1760 absit
1143 1719 1346 1775 migratio
1380 1724 1422 1760 et
1460 1725 1670 1773 appareat
1712 1719 1890 1761 canities
1930 1724 1971 1761 et
2010 1718 2161 1760 abierit
2196 1720 2308 1761 vitae
2350 1732 2452 1775 pars

195 1793 358 1848 optima
374 1793 452 1849 ?);
485 1807 538 1835 ac
574 1793 608 1835 si
645 1793 796 1835 vellem
825 1794 1100 1837 conscribere
1138 1794 1195 1836 de
1226 1793 1343 1836 omni
1381 1794 1633 1849 quaestione
1673 1794 1831 1836 librum
1874 1795 2239 1851 complectentem
2285 1794 2453 1850 placita.

196 1866 250 1907 de
289 1881 340 1908 ea
368 1868 616 1923 proposita,
649 1874 976 1925 etargumenta
1010 1870 1068 1912 ad
1103 1869 1214 1916 haec
1244 1867 1503 1925 probanda,
1549 1875 1625 1910 aut
1668 1869 1881 1925 (aliorum
1918 1868 2080 1925 verba)
2120 1869 2336 1912 tradendo
2372 1876 2449 1911 aut

197 1939 503 1981 ratiocinando
546 1944 767 1995 adducta,
798 1952 842 1986 et
869 1946 1067 1986 notiones
1096 1945 1152 1985 de
1183 1959 1236 1986 ea
1276 1945 1424 1984 animo
1453 1951 1716 1997 conceptas,
1750 1945 1991 1998 harumque
2020 1944 2320 1987 dissolutiones
2352 1945 2368 2000 (
2384 1959 2453 1986 re-

195 2013 386 2057 fellendo
417 2015 584 2072 factas)
617 2017 887 2073 vicissimque
927 2031 1131 2073 responsa
1167 2016 1439 2066 defensoria,
1471 2022 1515 2057 et
1552 2029 1731 2057 examen
1765 2017 2017 2070 opinionum
2061 2031 2087 2060 a
2127 2018 2300 2060 diversis
2327 2020 2453 2062 sectis

195 2089 313 2129 circa
336 2099 431 2127 eam
458 2089 752 2141 prolatarum,
786 2090 876 2126 sine
917 2089 1052 2126 dubio
1084 2089 1192 2126 illud
1222 2088 1435 2140 perficere
1470 2089 1655 2128 valerem
1674 2116 1686 2137 ,
1717 2087 1793 2127 Dei
1826 2088 1973 2129 favore
2004 2094 2046 2130 et
2086 2088 2330 2140 beneficio,
2361 2104 2451 2136 non

194 2161 351 2205 robore
378 2175 475 2203 meo
505 2167 546 2202 et
570 2161 729 2204 viribus
753 2160 882 2212 meis;
913 2161 1080 2202 nullum
1105 2161 1219 2202 enim
1250 2167 1311 2203 est
1340 2161 1496 2211 robur,
1528 2162 1646 2202 nulla
1676 2166 1891 2217 potestas,
1923 2164 2004 2205 nisi
2033 2177 2133 2206 cum
2161 2164 2252 2206 Deo
2282 2168 2449 2209 excelso

197 2244 240 2279 et
272 2251 456 2294 magn03
489 2237 787 2292 quodcunque
817 2237 909 2280 vult
941 2237 1053 2278 Deus
1073 2266 1084 2286 ‚
1116 2237 1237 2278 nulla
1269 2234 1356 2288 (ad
1402 2237 1509 2278 illud
1548 2237 1851 2294 efficiendum)
1884 2246 2073 2295 potestas
2112 2247 2199 2289 est,
2233 2241 2311 2283 nisi
2352 2256 2452 2285 cum

198 2312 306 2354 Deo.
364 2313 570 2367 Legeram
606 2326 785 2368 quoque
827 2313 874 2354 in
909 2311 1033 2353 initio
1075 2311 1316 2352 studiorum
1354 2325 1549 2354 meorum
1584 2314 1751 2370 aliquid
1797 2315 1852 2357 de
1893 2316 2072 2358 scientia
2110 2316 2315 2372 Logices,
2350 2318 2451 2361 dein

200 2400 303 2429 vero
339 2386 429 2443 ejus
468 2388 688 2429 fastidium
732 2388 877 2429 animo
914 2400 1012 2428 meo
1050 2385 1202 2443 injecit
1238 2386 1375 2438 Deus,
1418 2393 1459 2429 et
1498 2402 1632 2444 quum
1671 2390 1925 2432 audivissem
1962 2391 2380 2434 Ibno·s-Salc3lzum
2404 2396 2445 2420 ⁵³

204 2463 258 2503 de
288 2476 337 2503 ea
374 2463 617 2505 consultum
647 2477 895 2519 responsum
923 2461 1090 2505 dedisse
1121 2475 1209 2517 qua
1245 2476 1342 2505 eam
1369 2463 1674 2516 detestaretur,
1708 2478 1802 2507 eam
1834 2466 1989 2523 reliqui
2019 2467 2132 2509 hanc
2159 2466 2217 2509 ob
2251 2481 2449 2517 causam,

203 2535 505 2593 substituitque
537 2538 644 2580 mihi
671 2540 781 2581 Deus
814 2539 862 2580 in
899 2537 991 2595 ejus
1032 2539 1179 2581 locum
1213 2535 1436 2582 scientiam
1476 2539 1761 2592 deitionis,
1794 2556 1908 2596 quae
1946 2543 2136 2582 omnium
2166 2549 2226 2584 est
2263 2541 2452 2599 discipli-

258 2741 325 2788 51)
355 2741 469 2779 Conf.
497 2739 561 2779 hic
588 2742 764 2792 inprimis
788 2743 897 2781 locus
926 2743 1038 2794 Saeyi
1063 2745 1103 2782 in
1129 2743 1369 2793 Antlcologc'e
1398 2744 1566 2782 Gramm.
1595 2742 1750 2791 Arabe,
1781 2760 1822 2796 p.
1848 2745 1922 2784 305
1951 2757 2032 2794 seq.

255 2835 322 2883 52)
352 2836 409 2874 m
436 2810 594 2882 ὁᾷἶςὶῖἳ
637 2840 738 2875 conf.
769 2840 866 2889 Sacy
904 2840 943 2875 in
979 2840 1164 2877 Relation
1191 2841 1234 2876 de
1261 2840 1447 2890 l'Engte
1473 2854 1557 2890 par
1586 2840 1852 2893 Abel-allaz'ff,
1896 2858 1935 2894 p.
1963 2842 2061 2889 492,
2102 2818 2190 2878 ann.
2219 2842 2312 2889 103,
2350 2851 2386 2879 ct
2415 2843 2449 2877 iu

355 2909 520 2947 Antlml.
550 2911 718 2950 Gramm.
745 2914 872 2950 Arab.
900 2929 941 2963 p.
962 2913 1036 2950 472
1063 2927 1171 2962 seqq.

262 2973 327 3023 53)
357 2979 412 3013 De
440 2979 513 3015 hoc
539 2980 626 3017 vide
655 2983 851 3019 Hcrbelot.
880 2983 918 3018 in
945 2996 983 3018 v.
1013 2982 1152 3019 Salah.
1205 2981 1500 3018 Ibn-Khallican
1526 2982 1643 3018 vitam
1671 2984 1755 3032 ejus
1782 2983 1988 3036 descripsit
2014 2982 2159 3022 n0.422
2189 2983 2310 3030 (conf.
2337 2982 2450 3017 editio

358 3049 554 3090 Wtistenf.
598 3057 706 3094 Fasc.
729 3055 780 3094 41.
816 3071 856 3107 p.
881 3054 930 3093 tt'sx
959 3050 1086 3105 seq),
1117 3062 1155 3092 et
1182 3055 1470 3104 Hadji-Khalifa
1508 3057 1552 3093 de
1589 3069 1634 3093 eo
1663 3058 1896 3096 mentionem
1923 3059 2016 3097 facit
2040 3059 2080 3096 in
2118 3072 2157 3095 v.
2186 3047 2329 3116 &aaa-25
2362 3048 2450 3100 ⁵425

355 3117 600 3181 &stibinos-0353.

1860 3193 1886 3228 C
1909 3206 1930 3228 2
